<?xml version="1.0" encoding="utf-8"?>
<Document xmlns="urn:iso:std:iso:20022:tech:xsd:pacs.008.001.06" xmlns:xsi="http://www.w3.org/2001/XMLSchema-instance" xsi:schemaLocation="urn:iso:std:iso:20022:tech:xsd:pacs.008.001.06">
  <FIToFICstmrCdtTrf>
    <GrpHdr>
      <MsgId>RDS020000101000000010299</MsgId>
      <CreDtTm>2000-01-01T08:08:30Z</CreDtTm>
      <NbOfTxs>1</NbOfTxs>
      <TtlIntrBkSttlmAmt Ccy="EUR">44.50</TtlIntrBkSttlmAmt>
      <IntrBkSttlmDt>2000-01-03</IntrBkSttlmDt>
      <SttlmInf>
        <SttlmMtd>CLRG</SttlmMtd>
        <ClrSys>
          <Prtry>ST2</Prtry>
        </ClrSys>
      </SttlmInf>
      <InstgAgt>
        <FinInstnId>
          <BICFI>RDSEDEF1000</BICFI>
        </FinInstnId>
      </InstgAgt>
      <InstdAgt>
        <FinInstnId>
          <BICFI>RDSBDEF1000</BICFI>
        </FinInstnId>
      </InstdAgt>
    </GrpHdr>
    <CdtTrfTxInf>
      <PmtId>
        <EndToEndId>EndToEndId-RDS01</EndToEndId>
        <TxId>RDS020000101000000224306</TxId>
      </PmtId>
      <PmtTpInf>
        <SvcLvl>
          <Cd>SEPA</Cd>
        </SvcLvl>
      </PmtTpInf>
      <IntrBkSttlmAmt Ccy="EUR">44.50</IntrBkSttlmAmt>
      <ChrgBr>SLEV</ChrgBr>
      <Dbtr>
        <Nm>Ordering Party Name</Nm>
        <PstlAdr>
          <Ctry>DE</Ctry>
          <AdrLine>Dietmar-Hopp-Allee 16</AdrLine>
          <AdrLine>69190 Walldorf - Germany</AdrLine>
        </PstlAdr>
      </Dbtr>
      <DbtrAcct>
        <Id>
          <IBAN>DE58876543210000000002</IBAN>
        </Id>
      </DbtrAcct>
      <DbtrAgt>
        <FinInstnId>
          <BICFI>RDSEDEF1000</BICFI>
        </FinInstnId>
      </DbtrAgt>
      <CdtrAgt>
        <FinInstnId>
          <BICFI>RDSBDEF1000</BICFI>
        </FinInstnId>
      </CdtrAgt>
      <Cdtr>
        <Nm>Receiver Name</Nm>
      </Cdtr>
      <CdtrAcct>
        <Id>
          <IBAN>DE60123456780000000100</IBAN>
        </Id>
      </CdtrAcct>
      <RmtInf>
        <Ustrd>ISO20022 Credit Transaction Payment</Ustrd>
      </RmtInf>
    </CdtTrfTxInf>
  </FIToFICstmrCdtTrf>
</Document>
